<collection xmlns="http://www.loc.gov/MARC21/slim">
<record>
  <leader>01348nam0a22002531i 450 </leader>
  <controlfield tag="001">IT\ICCU\CNCE\065119</controlfield>
  <controlfield tag="005">20060718000000.0</controlfield>
  <datafield tag="012" ind1=" " ind2=" ">
    <subfield code="a">e-n- teon io,e doau (3) 1573 (R)</subfield>
    <subfield code="2">fei</subfield>
  </datafield>
  <datafield tag="100" ind1=" " ind2=" ">
    <subfield code="a">20060718d1573        0itac0103    ba</subfield>
  </datafield>
  <datafield tag="101" ind1=" " ind2=" ">
    <subfield code="a">ITA</subfield>
  </datafield>
  <datafield tag="102" ind1=" " ind2=" ">
    <subfield code="a">IT</subfield>
  </datafield>
  <datafield tag="200" ind1="1" ind2=" ">
    <subfield code="a">℗La ℗universal fabrica del mondo dell&apos;eccell. m. Lorenzo Anania della citta di Tauerna cosmografo, et teologo doue s&apos;ha piena notitia de i costumi, leggi, citt,̉ fiumi, monti, prouincie, &amp; popoli del mondo</subfield>
  </datafield>
  <datafield tag="210" ind1=" " ind2=" ">
    <subfield code="a">In Napoli</subfield>
    <subfield code="c">appresso Gioseppe Cacchij dell&apos;Aquila</subfield>
    <subfield code="d">1573</subfield>
  </datafield>
  <datafield tag="215" ind1=" " ind2=" ">
    <subfield code="a">177, \1! p.</subfield>
    <subfield code="d">4</subfield>
  </datafield>
  <datafield tag="300" ind1=" " ind2=" ">
    <subfield code="a">Marca (V121) sul front. -  Segn.: a-4 a-2 A-V-4 X-2; A-L-4; A-F-4 (bianca F4); A-E-4. -  Marca : In cornice figurata: la Fortezza: uomo che trasporta sulle spalle due colonne</subfield>
  </datafield>
  <datafield tag="620" ind1=" " ind2=" ">
    <subfield code="a">IT</subfield>
    <subfield code="d">Napoli</subfield>
  </datafield>
  <datafield tag="700" ind1=" " ind2="1">
    <subfield code="a">D&apos;Anania,</subfield>
    <subfield code="b">Giovanni Lorenzo</subfield>
    <subfield code="3">IT\ICCU\CNCA\004597</subfield>
  </datafield>
  <datafield tag="712" ind1="0" ind2="0">
    <subfield code="a">Cacchi, Giuseppe</subfield>
    <subfield code="3">IT\ICCU\CNCT\000064</subfield>
    <subfield code="4">650</subfield>
  </datafield>
  <datafield tag="790" ind1=" " ind2="1">
    <subfield code="a">Anania,</subfield>
    <subfield code="b">Giovanni Lorenzo</subfield>
    <subfield code="3">IT\ICCU\CNCA\004599</subfield>
    <subfield code="z">D&apos;Anania, Giovanni Lorenzo</subfield>
  </datafield>
  <datafield tag="790" ind1=" " ind2="1">
    <subfield code="a">Anania,</subfield>
    <subfield code="b">Ioannes Laurentius</subfield>
    <subfield code="3">IT\ICCU\CNCA\015235</subfield>
    <subfield code="z">D&apos;Anania, Giovanni Lorenzo</subfield>
  </datafield>
  <datafield tag="791" ind1="0" ind2="0">
    <subfield code="a">Cacchius, Iosephus</subfield>
    <subfield code="3">IT\ICCU\CNCT\004389</subfield>
    <subfield code="z">Cacchi, Giuseppe</subfield>
  </datafield>
  <datafield tag="791" ind1="0" ind2="0">
    <subfield code="a">Cacchio, Giuseppe</subfield>
    <subfield code="3">IT\ICCU\CNCT\004390</subfield>
    <subfield code="z">Cacchi, Giuseppe</subfield>
  </datafield>
  <datafield tag="801" ind1=" " ind2="3">
    <subfield code="a">IT</subfield>
    <subfield code="b">ICCU</subfield>
    <subfield code="c">20201115</subfield>
  </datafield>
  <datafield tag="899" ind1=" " ind2=" ">
    <subfield code="a">Biblioteca comunale Filippo De Nobili. Catanzaro</subfield>
    <subfield code="1">CZ0014</subfield>
    <subfield code="2">RCA CC</subfield>
  </datafield>
</record>
</collection>
